<?xml version="1.0" encoding="UTF-8"?>
<record xmlns="http://www.loc.gov/MARC21/slim" xmlns:xsi="http://www.w3.org/2001/XMLSchema-instance" xsi:schemaLocation="http://www.loc.gov/MARC21/slim http://www.loc.gov/standards/marcxml/schema/MARC21slim.xsd">
<leader>     cam a2200265   4500</leader>
<controlfield tag="001">001677320</controlfield>
<controlfield tag="003">NNU</controlfield>
<controlfield tag="005">20001218195906.0</controlfield>
<controlfield tag="008">911209s1960    iq      r     000 0daraxd</controlfield>
<datafield tag="010" ind1=" " ind2=" ">
<subfield code="a">ne 65000263</subfield>
</datafield>
<datafield tag="035" ind1="9" ind2=" ">
<subfield code="a">NYUb12220698</subfield>
</datafield>
<datafield tag="035" ind1=" " ind2=" ">
<subfield code="a">(CStRLIN)PAUG91-B33001</subfield>
</datafield>
<datafield tag="040" ind1=" " ind2=" ">
<subfield code="a">Princeton Univ. Libr.</subfield>
<subfield code="c">NN</subfield>
<subfield code="d">NN</subfield>
</datafield>
<datafield tag="100" ind1="1" ind2=" ">
<subfield code="a">Sharīf al-Murtaḍá, ʻAlam al-Hudá ʻAlī ibn al-Ḥusayn,</subfield>
<subfield code="d">966-1044 or 5.</subfield>
</datafield>
<datafield tag="245" ind1="1" ind2="0">
<subfield code="a">Tanzīh al-anbiyā',</subfield>
<subfield code="c">taṣnif al-Murtaḍá 'Alam al-Hudá Abī al-Qāsim 'Alī ibn al-Ḥusayn al-Mūsawī.</subfield>
</datafield>
<datafield tag="250" ind1=" " ind2=" ">
<subfield code="a">al-Ṭabʻah 2.</subfield>
</datafield>
<datafield tag="260" ind1=" " ind2=" ">
<subfield code="a">al-Najaf,</subfield>
<subfield code="b">Manshūrāt al-Maṭbaʻah al-Ḥaydarīyah,</subfield>
<subfield code="c">1960.</subfield>
</datafield>
<datafield tag="300" ind1=" " ind2=" ">
<subfield code="a">240 p.</subfield>
<subfield code="c">22 cm.</subfield>
</datafield>
<datafield tag="500" ind1=" " ind2=" ">
<subfield code="a">In Arabic.</subfield>
</datafield>
<datafield tag="500" ind1=" " ind2=" ">
<subfield code="a">"Qūbilat 'alá makhṭūṭah Kutibat sanat 1083 H."</subfield>
</datafield>
<datafield tag="500" ind1=" " ind2=" ">
<subfield code="a">Added t. p.: The purity of the prophets, by Mortaza Alam al Hoda.</subfield>
</datafield>
<datafield tag="650" ind1=" " ind2="0">
<subfield code="a">Prophets.</subfield>
</datafield>
<datafield tag="650" ind1=" " ind2="0">
<subfield code="a">Muslim saints.</subfield>
</datafield>
<datafield tag="OWN" ind1=" " ind2=" ">
<subfield code="a">GENERAL</subfield>
</datafield>
<datafield tag="950" ind1=" " ind2=" ">
<subfield code="l">BMAIN</subfield>
<subfield code="a">BP189.3</subfield>
<subfield code="b">.S4 1960</subfield>
</datafield>
<datafield tag="955" ind1=" " ind2=" ">
<subfield code="l">BMAIN</subfield>
<subfield code="c">1</subfield>
<subfield code="r">028093907</subfield>
</datafield>
<datafield tag="998" ind1=" " ind2=" ">
<subfield code="s">9115</subfield>
</datafield>
<datafield tag="AVA" ind1=" " ind2=" ">
<subfield code="a">NYU50</subfield>
<subfield code="b">BOBST</subfield>
<subfield code="c">Main Collection</subfield>
<subfield code="d">BP189.3 .S4 1960</subfield>
<subfield code="e">unavailable</subfield>
<subfield code="t">Unavailable</subfield>
<subfield code="f">1</subfield>
<subfield code="g">1</subfield>
<subfield code="h">N</subfield>
<subfield code="i">0</subfield>
<subfield code="j">MAIN</subfield>
<subfield code="k">0</subfield>
</datafield>
</record>
